@article{eades1984heuristic,
  title={A heuristic for graph drawing},
  author={Eades, Peter},
  journal={Congressus numerantium},
  volume={42},
  pages={149--160},
  year={1984}
}